<record><leader>02831nam a2200433 i 4500</leader><controlfield tag="001">6786272</controlfield><controlfield tag="003">FlBoTFG</controlfield><controlfield tag="005">20150115163112.0</controlfield><controlfield tag="006">m|||||o||d||||||||</controlfield><controlfield tag="007">cr||||</controlfield><controlfield tag="008">150115r20152015fluad   ob    001 0 eng d</controlfield><datafield ind1=" " ind2=" " tag="020"><subfield code="a">9781482256604 (e-book : PDF)</subfield></datafield><datafield ind1=" " ind2=" " tag="035"><subfield code="a">ocn900602660</subfield></datafield><datafield ind1=" " ind2=" " tag="039"><subfield code="a">exclude</subfield></datafield><datafield ind1=" " ind2=" " tag="040"><subfield code="a">FlBoTFG</subfield><subfield code="b">eng</subfield><subfield code="e">rda</subfield><subfield code="c">FlBoTFG</subfield><subfield code="d">AEU</subfield></datafield><datafield ind1=" " ind2="4" tag="050"><subfield code="a">R853.C55</subfield><subfield code="b">C43 2015</subfield></datafield><datafield ind1=" " ind2=" " tag="090"><subfield code="a">Internet Access</subfield><subfield code="b">AEU</subfield></datafield><datafield ind1="1" ind2=" " tag="100"><subfield code="a">Chang, Mark,</subfield><subfield code="e">author.</subfield></datafield><datafield ind1="1" ind2="0" tag="245"><subfield code="a">Adaptive design theory and implementation using SAS and R /</subfield><subfield code="c">Mark Chang, AMAG Pharmaceuticals, Inc., Lexington, Massachusetts, USA.</subfield></datafield><datafield ind1=" " ind2="1" tag="264"><subfield code="a">Boca Raton, FL :</subfield><subfield code="b">CRC Press :</subfield><subfield code="b">Taylor &amp; Francis Group,</subfield><subfield code="c">2015.</subfield></datafield><datafield ind1=" " ind2="4" tag="264"><subfield code="c">&#169;2015</subfield></datafield><datafield ind1=" " ind2=" " tag="300"><subfield code="a">1 online resource.</subfield></datafield><datafield ind1=" " ind2=" " tag="336"><subfield code="a">text</subfield><subfield code="2">rdacontent</subfield></datafield><datafield ind1=" " ind2=" " tag="337"><subfield code="a">computer</subfield><subfield code="2">rdamedia</subfield></datafield><datafield ind1=" " ind2=" " tag="338"><subfield code="a">online resource</subfield><subfield code="2">rdacarrier</subfield></datafield><datafield ind1="1" ind2=" " tag="490"><subfield code="a">Chapman &amp; Hall/CRC biostatistics series</subfield></datafield><datafield ind1=" " ind2=" " tag="500"><subfield code="a">"A Chapman &amp; Hall book."</subfield></datafield><datafield ind1=" " ind2=" " tag="504"><subfield code="a">Includes bibliographical references and index.</subfield></datafield><datafield ind1="0" ind2=" " tag="505"><subfield code="a">Introduction -- Classical design -- Theory of hypothesis-based adaptive design -- Method with direct combination of p-values -- Method with inverse-normal p-values -- Adaptive noninferiority design with paired binary data -- Adaptive design with incomplete paired data -- K-stage adaptive designs -- Conditional error function method and conditional power -- Recursive adaptive design -- Unblinded sample-size reestimation design -- Blinded and semi-blinded sample-size reestimation design -- Adaptive design with coprimary endpoints -- Multiple-endpoint adaptive design -- Pick-the-winners design -- The add-arm design for unimodal response -- Biomarker-enrichment design -- Biomarker-informed adaptive design -- Survival modeling and adaptive treatment switching -- Response-adaptive allocation design -- Introductory Bayesian approach in clinical trial -- Adaptive dose-escalation trial -- Bayesian design for efficacy-toxicity trade-off and drug combination -- Bayesian approach to biosimilarity trial -- Adaptive multiregional trial design -- SAS and R modules for group sequential design -- Data analysis of adaptive trial -- Planning, execution, analysis, and reporting -- Debates in adaptive designs.</subfield></datafield><datafield ind1=" " ind2=" " tag="506"><subfield code="a">Access restricted to authorized users and institutions.</subfield></datafield><datafield ind1=" " ind2=" " tag="596"><subfield code="a">44</subfield></datafield><datafield ind1=" " ind2="0" tag="650"><subfield code="a">Clinical trials</subfield><subfield code="x">Statistical methods.</subfield></datafield><datafield ind1=" " ind2="0" tag="650"><subfield code="a">Adaptive sampling (Statistics)</subfield></datafield><datafield ind1=" " ind2="0" tag="650"><subfield code="a">SAS (Computer file)</subfield></datafield><datafield ind1=" " ind2="0" tag="650"><subfield code="a">R (Computer program language)</subfield></datafield><datafield ind1=" " ind2="0" tag="830"><subfield code="a">Chapman &amp; Hall/CRC biostatistics series.</subfield></datafield><datafield ind1="4" ind2="0" tag="856"><subfield code="3">University of Alberta Access</subfield><subfield code="u">http://marc.crcnetbase.com/isbn/9781482256604</subfield><subfield code="z">(Unlimited Concurrent Users)</subfield></datafield><datafield ind1=" " ind2=" " tag="949"><subfield code="h">UAIN</subfield><subfield code="z">CRC</subfield></datafield><datafield ind1=" " ind2=" " tag="926"><subfield code="a">Internet Access</subfield><subfield code="w">LC</subfield><subfield code="c">1</subfield><subfield code="i">6786272-1001</subfield><subfield code="l">INTERNET</subfield><subfield code="m">UAINTERNET</subfield><subfield code="r">Y</subfield><subfield code="s">Y</subfield><subfield code="t">E-RESOURCE</subfield><subfield code="u">1/20/2015</subfield><subfield code="x">E-BOOK</subfield><subfield code="z">CRC</subfield></datafield></record>